<record><leader>00000cas a22000007a 4500</leader><controlfield tag="001">11829055</controlfield><controlfield tag="008">850320d18881889ohuwr ne      0    0eng d</controlfield><datafield ind1=" " ind2=" " tag="010"><subfield code="a">sn 85038128 </subfield></datafield><datafield ind1=" " ind2=" " tag="040"><subfield code="a">NPY</subfield><subfield code="b">eng</subfield><subfield code="c">NPY</subfield><subfield code="d">OCLCQ</subfield></datafield><datafield ind1=" " ind2=" " tag="042"><subfield code="a">msc</subfield></datafield><datafield ind1="0" ind2=" " tag="130"><subfield code="a">Cyclone (Washington Court House, Ohio)</subfield></datafield><datafield ind1="1" ind2="4" tag="245"><subfield code="a">The Cyclone.</subfield></datafield><datafield ind1=" " ind2=" " tag="260"><subfield code="a">Washington C.H., Ohio :</subfield><subfield code="b">Cyclone Pub. Co.,</subfield><subfield code="c">1888-1889.</subfield></datafield><datafield ind1=" " ind2=" " tag="300"><subfield code="a">1 v. :</subfield><subfield code="b">ill. (chiefly advertisements) ;</subfield><subfield code="c">69 cm.</subfield></datafield><datafield ind1=" " ind2=" " tag="310"><subfield code="a">Weekly</subfield></datafield><datafield ind1="0" ind2=" " tag="362"><subfield code="a">Vol. 1, no. 1 (Apr. 25, 1888)-v. 1, no. 38 (Jan. 9, 1889) = v. 10, no. 19.</subfield></datafield><datafield ind1=" " ind2=" " tag="500"><subfield code="a">Published on Wednesday.</subfield></datafield><datafield ind1=" " ind2=" " tag="500"><subfield code="a">"Republican." Cf. Gutgesell, S. Guide to Ohio newspapers, 1974.</subfield></datafield><datafield ind1=" " ind2=" " tag="515"><subfield code="a">Double numbering designation starts with May 9, 1888 issue; Vol. 1, no. 3 (The Cyclone) = Vol. 9, no. 36 (Fayette Republican).</subfield></datafield><datafield ind1=" " ind2=" " tag="525"><subfield code="a">Supplements accompany some issues.</subfield></datafield><datafield ind1=" " ind2=" " tag="752"><subfield code="a">United States</subfield><subfield code="b">Ohio</subfield><subfield code="c">Fayette</subfield><subfield code="d">Washington Court House.</subfield></datafield><datafield ind1="0" ind2="5" tag="780"><subfield code="t">Fayette Republican</subfield><subfield code="g">May 9, 1888</subfield><subfield code="w">(DLC)sn 85038127</subfield></datafield><datafield ind1="0" ind2="0" tag="785"><subfield code="t">Cyclone and Fayette Republican</subfield><subfield code="w">(DLC)sn 85038129</subfield></datafield><datafield ind1="1" ind2=" " tag="029"><subfield code="a">AU@</subfield><subfield code="b">000025790492</subfield></datafield></record>